<record><leader>00000cas a22000007a 4500</leader><controlfield tag="001">18579766</controlfield><controlfield tag="008">881007d19121959mduwr ne      0    0eng d</controlfield><datafield ind1=" " ind2=" " tag="010"><subfield code="a">sn 88065113 </subfield></datafield><datafield ind1=" " ind2=" " tag="040"><subfield code="a">MFN</subfield><subfield code="b">eng</subfield><subfield code="c">MFN</subfield><subfield code="d">OCLCQ</subfield></datafield><datafield ind1=" " ind2=" " tag="042"><subfield code="a">msc</subfield></datafield><datafield ind1="0" ind2=" " tag="130"><subfield code="a">Union news (Towson, Md.)</subfield></datafield><datafield ind1="1" ind2="0" tag="245"><subfield code="a">Union news.</subfield></datafield><datafield ind1=" " ind2=" " tag="260"><subfield code="a">Towson, Md. :</subfield><subfield code="b">Union News Pub. Co.</subfield></datafield><datafield ind1=" " ind2=" " tag="300"><subfield code="a">v.</subfield></datafield><datafield ind1=" " ind2=" " tag="310"><subfield code="a">Weekly</subfield></datafield><datafield ind1="0" ind2=" " tag="362"><subfield code="a">Vol. 63, no. 2475 (June 15, 1912)-v. 109, no. 14 (Apr. 3, 1959).</subfield></datafield><datafield ind1=" " ind2=" " tag="752"><subfield code="a">United States</subfield><subfield code="b">Maryland</subfield><subfield code="c">Baltimore</subfield><subfield code="d">Towson.</subfield></datafield><datafield ind1="0" ind2=" " tag="775"><subfield code="t">Union news (Towson, Md. : Waverly ed.)</subfield><subfield code="w">(DLC)sn 88065134</subfield></datafield><datafield ind1="0" ind2="0" tag="780"><subfield code="t">Baltimore County union, the Towson news</subfield><subfield code="w">(DLC)sn 88065091</subfield></datafield><datafield ind1="0" ind2="5" tag="780"><subfield code="t">Baltimore County observer</subfield><subfield code="w">(DLC)sn 88065115</subfield></datafield><datafield ind1="0" ind2="7" tag="785"><subfield code="t">Eastern enterprise</subfield><subfield code="w">(DLC)sn 88065085</subfield></datafield><datafield ind1="0" ind2="7" tag="785"><subfield code="t">County paper (Towson, Md.)</subfield><subfield code="w">(DLC)sn 88065081</subfield></datafield></record>